 @misc{ WindWiki,
   author = "Wikipedia",
   title = "Wind power in the United States--- {W}ikipedia{,} The Free Encyclopedia",
   year = "2013",
   url = "http://en.wikipedia.org/wiki/Wind_power_in_the_United_States",
   note = "[Online; accessed 10-June-2013]"
 }

@article{Ressiner1973,
    author  = "Reissner, E",
    title   = "On one-dimensional large-displacement finite-strain beam theory",
    year    = "1973",
    journal = "Studies in Applied Mathematics LII",
    pages   = "87--95"
}

@article{Bauchau-etal:2008,
    author  = "Bauchau, O.A. and Epple, A. and Heo, S.D.",
    title   = "Interpolation of finite rotations in flexible multibody dynamics simulations",
    year    = "2008",
    journal = "Proceedings of the Institution of Mechanical Engineers, Part K: Journal of Multi-body Dynamics",
    volume = "222",
    pages   = "353--366"
}

@misc{Dymore:2013,
    title = "Dymore {U}ser's {M}anual",
    year = "2013",
    author = "O. A. Bauchau",
    note = "http://dymoresolutions.com/dymore4\_0/UsersManual/UsersManual.html"
}

@book{HodgesBeamBook,
    author    = "D. H. Hodges",
    title     = "Nonlinear Composite Beam Theory",
    year      = "2006",
    publisher = "AIAA"
}

@article{Simo1985,
    author  = "J. C. Simo",
    title   = "A finite strain beam formulation. The three-dimensional dynamic problem. Part I",
    year    = "1985",
    journal = "Computer Methods in Applied Mechanics and Engineering",
    volume  = "49",
    pages   = "55--70"
}

@article{Bathe-Cimento:1980,
    author  = "K. J. Bathe and A. P. Cimento",
    title   = "Some pratical procedures for the solution of nonlinear finite element equations",
    year    = "1980",
    journal = "Computer Methods in Applied Mechanics and Engineering",
    volume  = "22",
    pages   = "59--85"
}

@article{Simo1986,
    author  = "J. C. Simo and L. Vu-Quoc",
    title   = "A three-dimensional finite-strain rod model. Part II",
    year    = "1986",
    journal = "Computer Methods in Applied Mechanics and Engineering",
    volume  = "58",
    pages   = "79--116"
}

@article{Crisfield1999,
    author  = "G. Jeleni\'{c} and M. A. Crisfield",
    title   = "Geometrically exact 3D beam theory: implementation of a strain-invariant finite element for statics and dynamics",
    year    = "1999",
    journal = "Computer Methods in Applied Mechanics and Engineering",
    volume  = "171",
    pages   = "141--171"
}


@article{Betsch2002,
    author  = "P. Betsch and P. Steinmann",
    title   = "Frame-indifferent beam finite elements based upon the geometrically exact beam theory",
    year    = "2002",
    journal = "International Journal for Numerical Methods in Engineering",
    volume  = "54",
    pages   = "1775--1788"
}

@article{Ibrahim1995,
    author  = "A. Ibrahimbegovi\'c",
    title   = "On finite element implementation of geometrically nonlinear 
{Reissner's} beam theory: three-dimensional curved beam elements",
    year    = "1995",
    journal = "Computer Methods in Applied Mechanics and Engineering",
    volume  = "122",
    pages   = "11--26"
}


@article{Ibrahim1998,
    author  = "A. Ibrahimbegovi\'c and M. Al Mikdad",
    title   = "Finite rotations in dynamics of beams and implicit time-stepping schemes",
    year    = "1998",
    journal = "International Journal for Numerical Methods in Engineering",
    volume  = "41",
    pages   = "781--814"
}

@book{CookFEM,
    author    = "R. D. Cook and D. S. Malkus and M. E. Plesha and R. J. Witt",
    title     = "Concepts and Applications of Finite Element Analysis",
    year      = "2001",
    edition = "4",
    publisher = "Wiley"
}

@article{YuGEBT,
    author  = "W. Yu and M. Blair",
    title   = "GEBT: A general-purpose nonlinear analysis tool for composite beams",
    year    = "2012",
    journal = "Composite Structures",
    volume  = "94",
    pages   = "2677--2689"
}

@article{Bauchau-etal:2009,
    author  = "O. A. Bauchau and A. Epple and L. Bottasso",
    title   = "Scaling of Constraints and Augmented Lagrangian Formulations in Multibody Dynamics Simulations",
    year    = "2009",
    journal = "Journal of Computational and Nonlinear Dynamics",
    volume  = "4",
    pages   = "021007-1--9"
}

@book{Bauchau:2010,
    author    = "O. A. Bauchau",
    title     = "Flexible Multibody Dynamics",
    year      = "2010",
    publisher = "Springer"
}

@article{Chung-Hulbert:1993,
    author  = "J. Chung and G. M. Hulbert",
    title   = "A time integration algorithm for structural dynamics with improved numerical dissipation: the generalized-$\alpha$ method",
    year    = "1993",
    journal = "Journal of Applied Mechanics",
    volume  = "60",
    pages   = "371--375"
}

@article{Patera:1984,
    author  = "Patera, A. T. ",
    title   = "A spectral element method for fluid dynamics: Laminar flow in a channel expansion",
    year    = "1984",
    journal = "Journal of Computational Physics",
    volume  = "54",
    pages   = "468--488"
}

@article{Ronquist:1987,
    author  = "Ronquist, E. M. and Patera, A. T. ",
    title   = "A Legendre spectral element method for the Stefan problem",
    year    = "1987",
    journal = "International Journal for Numerical Methods in Engineering",
    volume  = "24",
    pages   = "2273--2299"
}

@article{Xiao-Zhong:2012,
   author =  {N. Xiao and H. Zhong},
   title =   {Non-linear quadrature element analysis of planar frames based
on geometrically exact beam theory},
   journal = {International Journal of Non-Linear Mechanics},
   year =    2012,
   volume = 47,
   pages = {481--488}
}

@article{Mayo-etal:2004,
   author  = "Juana M. Mayo and Daniel Garc\'{i}a-Vallejo and Jaime
Dom\'{i}nguez",
   title   = "Study of the geometric stiffening effect: comparison of
different formulations",
   year    = "2004",
   journal = "Multibody System Dynamics",
   volume  = "11",
   pages   = "321--341"
}

@article{Yu-etal:2002,
   author  = "Yu, W. and Hodges, D. H. and Volovoi, V. and Cesnik, C. E. S.",
   title   = "On {T}imoshenko-Like modeling of initially curved and twisted composite beams",
   year    = "2002",
   journal = "International Journal of Solids and Structures",
   volume  = "39",
   pages   = "5101--5121"
}

@article{Wang-Yu:2012,
   author  = "Wang, Q. and Yu, W.",
   title   = "Asymptotic multi physics modeling of composite slender structures",
   year    = "2012",
   journal = "Smart Materials and Structures",
   volume  = "21",
   pages   = "035002"
}

@inproceedings{Wang:GEBT2013,
    author  = "Q. Wang and W. Yu and M. A Sprague",
    title   = "Geometric nonlinear analysis of composite beams 
using Wiener-Milenkovi\'c parameters",
    month = "April",
    year    = "2013",
    booktitle = "Proceedings of the 54th AIAA/ASME/ASCE/AHS/ASC Structures, Structural Dynamics, and Materials Conference",
    address = "Boston, Massachusetts"   
}

@inproceedings{Wang:SFE2013,
    author  = "Q. Wang and M. A. Sprague",
    title   = "A {Legendre} spectral finite element implementation of geometrically exact beam theory",
    month = "April",
    year    = "2013",
    booktitle = "Proceedings of the 54th AIAA/ASME/ASCE/AHS/ASC Structures, Structural Dynamics, and Materials Conference",
    address = "Boston, Massachusetts"   
}

@inproceedings{Wang:GEBT2014,
    author  = "Q. Wang, M. A. Sprague, J. Jonkman, N. Johnson",
    title   = "Nonlinear {Legendre} Spectral Finite Elements for Wind Turbine Blade Dynamics",
    month = "January",
    year    = "2014",
    booktitle = "Proceedings of the 32nd ASME Wind Energy Symposium",
    address = "National Harbor, Maryland"   
}

@inproceedings{Jonkman:2013,
    author  = "J. M. Jonkman",
    title   = "The new modularization framework for the {FAST} wind turbine
{CAE} tool",
    month = "January",
    year    = "2013",
    booktitle = "Proceedings of the 51st AIAA Aerospace Sciences Meeting including the New Horizons Forum and Aerospace Exposition",
    address = "Grapevine, Texas"   
}

@book{Deville:2002,
    author    = "M. O. Deville and P. F. Fischer and E. H. Mund",
    title     = "High-order Methods for Incompressible Fluid Flow",
    year      = "2002",
    publisher = "Cambridge University Press"
}

@article{Komatitsch:1998,
    author  = "D. Komatitsch and J. P. Vilotte ",
    title   = "The spectral element method: and efficient tool to simulate the seismic response of 2D and 3D geological structures",
    year    = "1998",
    journal = "Bulletin of the Seismological Society of America",
    volume  = "88",
    pages   = "368--392"
}

@article{Sridhar:2006,
    author  = "R. Sridhar and A. Chakraborty and S. Gopalakrishnan ",
    title   = "Wave propagation in anisotropic and inhomogeneous untracked and cracked structures using the pseudo spectral finite element method",
    year    = "2006",
    journal = "International Journal of Solids and Structures",
    volume  = "43",
    pages   = "4997--5031"
}

@article{Sprague:2003,
    author  = "M. A. Sprague and T. L. Geers ",
    title   = "Spectral elements and field separation for an acoustic fluid subject to cavitation",
    year    = "2003",
    journal = "Journal of Computational Physics",
    volume  = "184",
    pages   = "149--162"
}

@article{Sprague:2004,
    author  = "M. A. Sprague and T. L. Geers ",
    title   = "A spectral-element method for modeling cavitation in transient fluid-structure interaction",
    year    = "2004",
    journal = "International Journal for Numerical Methods in Engineering",
    volume  = "60",
    pages   = "2467--2499"
}





