%% This BibTeX bibliography file was created using BibDesk.
%% http://bibdesk.sourceforge.net/


%% Created for Clifton, Andrew at 2014-07-30 18:45:30 -0600 


%% Saved with string encoding Unicode (UTF-8) 



@techreport{TechReportTest,
	Author = {A. N. Other and Y. A. Nother},
	Date-Added = {2014-07-30 00:01:12 +0000},
	Date-Modified = {2014-07-30 00:04:56 +0000},
	Howpublished = {Accessed July 21, 2014: \url{http:www.nrel.gov}},
	Institution = {National Renewable Energy Laboratory},
	Title = {A technical report},
	Year = {2014}}

@misc{texstackexchange,
	Author = {Anon.},
	Date-Added = {2014-07-29 21:38:55 +0000},
	Date-Modified = {2014-07-31 00:45:25 +0000},
	Howpublished = {Accessed July 21, 2014: \href{http://tex.stackexchange.com}{http://tex.stackexchange.com}},
	Title = {\TeX -- \LaTeX Stack Exchange},
	Year = {2014}}

@inbook{chicago,
	Date-Added = {2013-03-29 20:33:11 +0000},
	Date-Modified = {2013-03-29 20:33:11 +0000},
	Edition = {Thirteenth},
	Key = {Chicago},
	Pages = {400--401},
	Publisher = {University of Chicago Press},
	Title = {The Chicago Manual of Style},
	Year = 1982}

@book{Knuth_1984_a,
	Author = {Donald E. Knuth},
	Date-Added = {2013-03-29 20:33:11 +0000},
	Date-Modified = {2013-03-29 20:36:20 +0000},
	Publisher = {Addison-Wesley},
	Title = {The {{\TeX}book}},
	Year = 1984}

@book{Lamport_1986_a,
	Author = {Leslie Lamport},
	Date-Added = {2013-03-29 20:33:11 +0000},
	Date-Modified = {2013-03-29 20:33:57 +0000},
	Publisher = {Addison-Wesley},
	Title = {{\LaTeX \rm:} {A} Document Preparation System},
	Year = 1986}
