@article{Ronquist-Patera:1987,
   author =  {Ronquist, E. M. and Patera, A. T.},
   title =   {A {Legendre} Spectral Element Method for the {Stefan}
Problem},
   journal = {International Journal for Numerical Methods in Engineering},
   year =    1987,
   volume = 24,
   pages = {2273-2299}
}
@article{Ressiner1973,
    author  = "Reissner, E",
    title   = "On one-dimensional large-displacement finite-strain beam theory",
    year    = "1973",
    journal = "Studies in Applied Mathematics LII",
    pages   = "87--95"
}

@book{HodgesBeamBook,
    author    = "Dewey H. Hodges",
    title     = "Nonlinear Composite Beam Theory",
    year      = "2006",
    publisher = "AIAA"
}

@article{Simo1985,
    author  = "J. C. Simo",
    title   = "A finite strain beam formulation. The three-dimensional dynamic problem. Part I",
    year    = "1985",
    journal = "Computer Methods in Applied Mechanics and Engineering",
    volume  = "49",
    pages   = "55--70"
}

@article{Simo1986,
    author  = "J. C. Simo and L. Vu-Quoc",
    title   = "A three-dimensional finite-strain rod model. Part II",
    year    = "1986",
    journal = "Computer Methods in Applied Mechanics and Engineering",
    volume  = "58",
    pages   = "79--116"
}

@article{Crisfield1999,
    author  = "G. Jeleni\'{c} and M. A. Crisfield",
    title   = "Geometrically exact 3D beam theory: implementation of a strain-invariant finite element for statics and dynamics",
    year    = "1999",
    journal = "Computer Methods in Applied Mechanics and Engineering",
    volume  = "171",
    pages   = "141--171"
}


@article{Ibrahim1995,
    author  = "Adnan Ibrahimbegovi\'c",
    title   = "On finite element implementation of geometrically nonlinear Reissner's beam theory: three-dimensional curved beam elements",
    year    = "1995",
    journal = "Computer Methods in Applied Mechanics and Engineering",
    volume  = "122",
    pages   = "11--26"
}


@article{Ibrahim1998,
    author  = "Adnan Ibrahimbegovi\'c and Mazen Al Mikdad",
    title   = "Finite rotations in dynamics of beams and implicit time-stepping schemes",
    year    = "1998",
    journal = "International Journal for Numerical Methods in Engineering",
    volume  = "41",
    pages   = "781--814"
}

@book{CookFEM,
    author    = "Robert D. Cook and David S. Malkus and michael E. Plesha and Robert J. Witt",
    title     = "Concepts and Applications of Finite Element Analysis",
    year      = "2001",
    edition = "4",
    publisher = "Wiley"
}

@article{YuGEBT,
    author  = "Wenbin Yu and Maxwell Blair",
    title   = "GEBT: A general-purpose nonlinear analysis tool for composite beams",
    year    = "2012",
    journal = "Composite Structures",
    volume  = "94",
    pages   = "2677--2689"
}

@book{Bauchau:2010,
    author    = "O. A. Bauchau",
    title     = "Flexible Multibody Dynamics",
    year      = "2010",
    publisher = "Springer"
}

@inproceedings{Wang:GEBT2013,
    author  = "Qi Wang and Wenbin Yu and Michael A Sprague",
    title   = "Gemoetrically nonlinear analysis of composite beams using Wiener-Milenkovi\'c parameters",
    month = "April",
    year    = "2013",
    booktitle = "Proceedings of the 54th Structures, Structural Dynamics, and Materials Conference",
    address = "Boston, Massachusetts"   
}

@inproceedings{Wang:SFE2013,
    author  = "Qi Wang and Michael A Sprague",
    title   = "A Legendre spectral finite element implementation of geometrically exact beam theory",
    month = "April",
    year    = "2013",
    booktitle = "Proceedings of the 54th Structures, Structural Dynamics, and Materials Conference",
    address = "Boston, Massachusetts"   
}

@inproceedings{Wang:GEBT2014,
    author  = "Qi Wang and Michael A Sprague and Jason Jonkman and Nick Johnson",
    title   = "Nonlinear Legendre spectral finite elements for wind turbine blade dynamics",
    month = "January",
    year    = "2014",
    booktitle = "Proceedings of the 32nd ASME Wind Energy Symposium",
    address = "National Harbor, Maryland"   
}

@inproceedings{Jonkman:2013,
    author  = "Jason M. Jonkman",
    title   = "The new modularization framework for the FAST wind turbine CAE tool",
    month = "January",
    year    = "2013",
    booktitle = "Proceedings of the 51st AIAA Aerospace Sciences Meeting including the New Horizons Forum and Aerospace Exposition",
    address = "Grapevine, Texas"   
}

@inproceedings{Sprague:2013,
    author  = "Gasmi, A. and Sprague, M.A. and Jonkman, J.M.",
    title   = "Numerical stability and accuracy of temporally coupled multi physics modules in wind-turbine CAE tools",
    month = "January",
    year    = "2013",
    booktitle = "Proceedings of the 51st AIAA Aerospace Sciences Meeting including the New Horizons Forum and Aerospace Exposition",
    address = "Grapevine, Texas"   
}

@inproceedings{Sprague:2014,
    author  = "Sprague, M.A. and Jonkman, J.M. and Jonkman, B.J.",
    title   = "FAST modular wind turbine CAE tool: non matching spatial and temporal meshes",
    month = "January",
    year    = "2014",
    booktitle = "Proceedings of the 32nd ASME Wind Energy Symposium",
    address = "National Harbor, Maryland"   
}

@misc{website:FASTModularizationFramework,
      author = "Jason Jonkman and Bonnie Jonkman",
      title = "FAST v8",
      howpublished = "\url {https://nwtc.nrel.gov/FAST8}",
      month = "October",
      year = "2013",
      note = "[Online; accessed 29-OCTOBER-2014]"      
}

@inproceedings{Sprague:FAST2015,
    author  = "Michael A. Sprague and Jason Jonkman and Bonnie Jonkman",
    title   = "FAST modular framework for wind turbine simulation: new algorithms and numerical examples",
    month = "January",
    year    = "2015",
    booktitle = "Proceedings of the 33rd ASME Wind Energy Symposium",
    address = "Kissimmee, Florida"   
}

@article{Bathe1979,
    author  = "Bathe, K. J. and Bolourchi, S.",
    title   = "Large displacement analysis of three-dimensional beam structures",
    year    = "1979",
    journal = "International Journal for Numerical Methods in Engineering",
    volume  = "14",
    pages   = "961--986"
}

@inproceedings{paquette2006modeling,
  title={Modeling and testing of 9m research blades},
  author={J. Paquette and D. Lairdl and D.T. Griffith and L. Rip},
  booktitle={44th AIAA Aerospace Sciences Meeting},
  volume={19},
  pages={14569--14581},
  year={2006}
}

@article{Luscher:2013,
    author  = "I. Fleming and D. J. Luscher ",
    title   = "A model for the structural dynamic response of the {CX}-100 wind turbine blade",
    year    = "2013",
    journal = "Wind Energy",
    volume  = "17",
    pages   = "877-900"
}

@article{Hodges:2007,
    author  = "Hodges, Dewey H. and Saberi, Hossein and Ormiston, Robert A",
    title   = "Development of Nonlinear Beam Elements for Rotorcraft Comprehensive Analyses",
    year    = "2007",
    journal = "Journal of the American Helicopter Society",
    volume  = "52",
    pages   = "36--48"
}

@article{Crisfield:1999,
    author  = "Crisfield, M.A. and Jeleni\'c, G.",
    title   = "Objectivity of strain measures in the geometrically exact three-dimensional beam theory and its finite-element implementation",
    year    = "1999",
    journal = "Proceedings of the Royal Society, London: Mathematical, Physical and Engineering Sciences",
    volume  = "455",
    pages   = "1125--1147"
}

@article{Bottasso:1998,
    author  = "Bottasso, C.L. and Borri, M.",
    title   = "Integrating finite rotations",
    year    = "1998",
    journal = "Computer Methods in Applied Mechanics and Engineering",
    volume  = "164",
    pages   = "307--337"
}

@misc{Dymore:2013,
    title = "Dymore {U}ser's {M}anual",
    year = "2013",
    author = "O. A. Bauchau",
    note = "http://dymoresolutions.com/dymore4\_0/UsersManual/UsersManual.html"
}

@article{Patera:1984,
    author  = "Patera, A. T. ",
    title   = "A spectral element method for fluid dynamics: Laminar flow in a channel expansion",
    year    = "1984",
    journal = "Journal of Computational Physics",
    volume  = "54",
    pages   = "468--488"
}

@inproceedings{Sri:SciTech2016,
    author  = "Srinivas Guntur and Jason Jonkman and Scott Schreck and Bonnie Jonkman and Qi Wang and Michael A. Sprague and Manjinder Singh and Michael Hind and Ryan Sievers",
    title   = "FAST v8 Verification and Validation Using Experiments from Aeroelastically Tailored MW-scale wind turbine blades",
    month = "January",
    year    = "2016",
    booktitle = "Proceedings of the 34th ASME Wind Energy Symposium",
    address = "San Diego, California"   
}

@techreport{report:NREL5MW,
    author    = "J. Jonkman and S. Butterfield and W. Musial and G. Scott",
    title     = "Definition of a 5-MW Reference Wind Turbine for Offshore System Development",
    institution = "National Renewable Energy Laboratory",
    %type     = "", 
    %number   = "",
    %address  = "",
    year      = "2009",
    %month    = "",
    %note     = "",
}

